<?xml version="1.0" encoding="UTF-8"?><collection xmlns="http://www.loc.gov/MARC21/slim"><record><leader>00373nam--2200121-i-4500</leader><controlfield tag="001">000008800</controlfield><controlfield tag="002">20161230</controlfield><controlfield tag="005">20161230201027</controlfield><controlfield tag="008">060222s1000------------r-----000-0-eng-d</controlfield><datafield ind1=" " ind2=" " tag="100"><subfield code="a">Bearnson, Leroy W., Sellers, Frederich F.And Hsiao, Mu-yue</subfield></datafield><datafield ind1=" " ind2=" " tag="245"><subfield code="a">Error detecting logic for digital computers</subfield></datafield><datafield ind1=" " ind2=" " tag="260"><subfield code="a">New York, Mcgraw-hill Book Co., 1968 Xviii + 295 P</subfield></datafield><datafield ind1=" " ind2=" " tag="852"><subfield code="a">30420</subfield></datafield></record></collection>